@ARTICLE{Cornish2013,
       author = {{Cornish}, Neil J. and {Romano}, Joseph D.},
        title = "{Towards a unified treatment of gravitational-wave data analysis}",
      journal = {\prd},
     keywords = {04.80.Nn, 04.30.Db, 07.05.Kf, 95.55.Ym, Gravitational wave detectors and experiments, Wave generation and sources, Data analysis: algorithms and implementation, data management, Gravitational radiation detectors, mass spectrometers, and other instrumentation and techniques, General Relativity and Quantum Cosmology},
         year = "2013",
        month = "Jun",
       volume = {87},
       number = {12},
          eid = {122003},
        pages = {122003},
          doi = {10.1103/PhysRevD.87.122003},
archivePrefix = {arXiv},
       eprint = {1305.2934},
 primaryClass = {gr-qc},
       adsurl = {https://ui.adsabs.harvard.edu/abs/2013PhRvD..87l2003C},
      adsnote = {Provided by the SAO/NASA Astrophysics Data System}
}
